<record><leader>00000cas a2200000 a 4500</leader><controlfield tag="001">31718309</controlfield><controlfield tag="008">941219d19001906cauwr ne      0    0eng c</controlfield><datafield ind1=" " ind2=" " tag="010"><subfield code="a">sn 94051623 </subfield></datafield><datafield ind1=" " ind2=" " tag="040"><subfield code="a">CNK</subfield><subfield code="b">eng</subfield><subfield code="c">CNK</subfield><subfield code="d">OCLCQ</subfield><subfield code="d">CNK</subfield><subfield code="d">OCLCQ</subfield><subfield code="d">OCLCF</subfield><subfield code="d">OCLCO</subfield></datafield><datafield ind1="1" ind2=" " tag="029"><subfield code="a">AU@</subfield><subfield code="b">000011501124</subfield></datafield><datafield ind1=" " ind2=" " tag="042"><subfield code="a">pcc</subfield></datafield><datafield ind1=" " ind2=" " tag="043"><subfield code="a">n-us-ca</subfield></datafield><datafield ind1="0" ind2=" " tag="130"><subfield code="a">Davisville enterprise (Davisville, Calif. : 1900)</subfield></datafield><datafield ind1="1" ind2="4" tag="245"><subfield code="a">The Davisville enterprise.</subfield></datafield><datafield ind1=" " ind2=" " tag="260"><subfield code="a">Davisville, Yolo Co., Calif. :</subfield><subfield code="b">W.H. Scott</subfield></datafield><datafield ind1=" " ind2=" " tag="300"><subfield code="a">v.</subfield></datafield><datafield ind1=" " ind2=" " tag="310"><subfield code="a">Weekly</subfield></datafield><datafield ind1="0" ind2=" " tag="362"><subfield code="a">Vol. 3, no. 23 (June 8, 1900)-v. 9, no. 14 (Apr. 7, 1906).</subfield></datafield><datafield ind1=" " ind2=" " tag="530"><subfield code="a">Master negatives are available for duplication from:</subfield><subfield code="b">California Newspaper Microfilm Archive;</subfield><subfield code="c">positive copies may be purchased by the reel; for further information consult the CNMA at:</subfield><subfield code="u">http://cbsr.ucr.edu</subfield></datafield><datafield ind1=" " ind2="0" tag="651"><subfield code="a">Davis (Calif.)</subfield><subfield code="v">Newspapers.</subfield></datafield><datafield ind1=" " ind2="7" tag="655"><subfield code="a">Newspapers.</subfield><subfield code="2">fast</subfield><subfield code="0">(OCoLC)fst01423814</subfield></datafield><datafield ind1=" " ind2="7" tag="651"><subfield code="a">California</subfield><subfield code="z">Davis.</subfield><subfield code="2">fast</subfield><subfield code="0">(OCoLC)fst01207676</subfield></datafield><datafield ind1=" " ind2=" " tag="752"><subfield code="a">United States</subfield><subfield code="b">California</subfield><subfield code="c">Yolo</subfield><subfield code="d">Davis.</subfield></datafield><datafield ind1="0" ind2="0" tag="780"><subfield code="t">Enterprise</subfield><subfield code="w">(DLC)sn 94051622</subfield></datafield><datafield ind1="0" ind2="0" tag="785"><subfield code="t">Davis enterprise</subfield><subfield code="w">(DLC)sn 92068902</subfield></datafield></record>